<?xml version="1.0" encoding="utf-8"?>
<record xmlns="http://www.loc.gov/MARC21/slim" xmlns:xsi="http://www.w3.org/2001/XMLSchema-instance" xsi:schemaLocation="http://www.loc.gov/MARC21/slim http://www.loc.gov/standards/marcxml/schema/MARC21slim.xsd">
	<leader>     nam a22     Mi 4500</leader>
	<controlfield tag="001">b1242903x</controlfield>
	<controlfield tag="003">LeBAU</controlfield>
	<controlfield tag="006">m        d        </controlfield>
	<controlfield tag="007">cr cn |||m|||a</controlfield>
	<controlfield tag="008">200626m19471949ua      o       0   ara d</controlfield>
	<datafield ind1=" " ind2=" " tag="040">
		<subfield code="a">ZYU</subfield>
		<subfield code="b">ara</subfield>
		<subfield code="e">rda</subfield>
		<subfield code="c">ZYU</subfield>
	</datafield>
	<datafield ind1="0" ind2="4" tag="082">
		<subfield code="a">349.297</subfield>
		<subfield code="2">20</subfield>
	</datafield>
	<datafield ind1="1" ind2=" " tag="100">
		<subfield code="6">880-01</subfield>
		<subfield code="a">Ibn al-Murtaḍá, Aḥmad ibn Yaḥyá,</subfield>
		<subfield code="d">1363-1437.</subfield>
		<subfield code="e">author.</subfield>
		<subfield code="0">https://lccn.loc.gov/n84077364 ,</subfield>
	</datafield>
	<datafield ind1="1" ind2="0" tag="245">
		<subfield code="6">880-02</subfield>
		<subfield code="a">Kitāb al-Baḥr al-zakhkhār al-jāmiʻ li-madhāhib ʻulamāʼ al-amṣār /</subfield>
		<subfield code="c">taʼlīf al-Imām al-mujtahid al-mahdī li-dīn Allāh Aḥmad ibn Yaḥyá ibn al-Murtaḍá, al-mutawaffá sanat 0840 H. Wa-yalīhi Kitāb Jawāhir al-akhbār wa-al-āthār al-mustakhrajah min lujjat al-Baḥr al-zakhkhār / lil-ʻAllāmah al-Muḥaqqiq Muḥammad ibn Yaḥyá Bahrān al-Ṣaʻdī, al-mutawaffá sanat 0957 H. Wa-li-tamām al-fāʼidah alḥaqnā bi-hi taʻlīqāt min marājiʻ mukhtalifah / li-muṣaḥḥiḥihi ʻAbd Allāh ibn ʻAbd al-Karīm al-Jurāfī al-Yamanī al-Ṣanʻāʼī ; bi-ishrāf wa-murājaʻat faḍīlat al-ustādhayn al-Shaykh ʻAbd Allāh Muḥammad al-Ṣiddīq, khādim al-ḥadīth wa-ʻAbd al-Ḥafīẓ Saʻd ʻAṭīyah.</subfield>
	</datafield>
	<datafield ind1="3" ind2="0" tag="246">
		<subfield code="6">880-03</subfield>
		<subfield code="a">Baḥr al-zakhkhār al-jāmiʻ li-madhāhib ʻulamāʼ al-amṣār</subfield>
	</datafield>
	<datafield ind1=" " ind2=" " tag="250">
		<subfield code="6">880-04</subfield>
		<subfield code="a">al-Ṭabʻah al-ūlá.</subfield>
	</datafield>
	<datafield ind1=" " ind2="1" tag="264">
		<subfield code="6">880-05</subfield>
		<subfield code="a">Miṣr :</subfield>
		<subfield code="b">Maṭbaʻat al-Saʻādah,</subfield>
		<subfield code="c">1366-1368 H. = 1947-1949 M.</subfield>
	</datafield>
	<datafield ind1=" " ind2=" " tag="300">
		<subfield code="6">880-06</subfield>
		<subfield code="a">online resource (4 volumes)</subfield>
	</datafield>
	<datafield ind1=" " ind2=" " tag="336">
		<subfield code="a">text</subfield>
		<subfield code="2">rdacontent</subfield>
	</datafield>
	<datafield ind1=" " ind2=" " tag="337">
		<subfield code="a">computer</subfield>
		<subfield code="2">rdamedia</subfield>
	</datafield>
	<datafield ind1=" " ind2=" " tag="338">
		<subfield code="a">online resource</subfield>
		<subfield code="2">rdacarrier</subfield>
	</datafield>
	<datafield ind1=" " ind2=" " tag="500">
		<subfield code="a">Part of the Arabic Collections Online (ACO) project, contributed by American University of Beirut's Jafet Memorial Library.</subfield>
	</datafield>
	<datafield ind1=" " ind2=" " tag="533">
		<subfield code="a">Electronic reproduction.</subfield>
		<subfield code="b">New York, N.Y. :</subfield>
		<subfield code="c">New York University,</subfield>
		<subfield code="d">2020.</subfield>
		<subfield code="5">NNU</subfield>
	</datafield>
	<datafield ind1=" " ind2="0" tag="650">
		<subfield code="6">880-07</subfield>
		<subfield code="a">Islamic law</subfield>
		<subfield code="v">Early works to 1800.</subfield>
	</datafield>
	<datafield ind1=" " ind2="0" tag="650">
		<subfield code="6">880-08</subfield>
		<subfield code="a">Zaydīs</subfield>
		<subfield code="v">Early works to 1800.</subfield>
	</datafield>
	<datafield ind1="1" ind2="2" tag="700">
		<subfield code="6">880-09</subfield>
		<subfield code="a">Ibn Bahrān, Muḥammad ibn Yaḥyá,</subfield>
		<subfield code="d">1483 or 1484-1550.</subfield>
		<subfield code="t">Jawāhir al-akhbār taḥtīj aḥādīth al-Baḥr al-zakhkhār.</subfield>
		<subfield code="0">https://lccn.loc.gov/n93009984</subfield>
	</datafield>
	<datafield ind1="1" ind2=" " tag="700">
		<subfield code="6">880-10</subfield>
		<subfield code="a">Jurāfī, ʻAbd Allāh ʻAbd al-Karīm.</subfield>
		<subfield code="e">compiler.</subfield>
		<subfield code="0">https://lccn.loc.gov/n85055213 ,</subfield>
	</datafield>
	<datafield ind1="1" ind2=" " tag="700">
		<subfield code="6">880-11</subfield>
		<subfield code="a">Ṣiddīq, ʻAbd Allāh ibn Muḥammad.</subfield>
		<subfield code="e">reviewer.</subfield>
		<subfield code="0">https://lccn.loc.gov/n80122941 ,</subfield>
	</datafield>
	<datafield ind1="1" ind2=" " tag="700">
		<subfield code="6">880-12</subfield>
		<subfield code="a">Ṣiddīq, ʻAbd Allāh ibn Muḥammad.</subfield>
		<subfield code="e">editor.</subfield>
		<subfield code="0">https://lccn.loc.gov/n80122941 ,</subfield>
	</datafield>
	<datafield ind1="1" ind2=" " tag="700">
		<subfield code="6">880-13</subfield>
		<subfield code="a">ʻAṭīyah, ʻAbd al-Ḥafīẓ Saʻd,</subfield>
		<subfield code="e">reviewer.</subfield>
	</datafield>
	<datafield ind1="1" ind2=" " tag="700">
		<subfield code="6">880-14</subfield>
		<subfield code="a">ʻAṭīyah, ʻAbd al-Ḥafīẓ Saʻd,</subfield>
		<subfield code="e">editor.</subfield>
	</datafield>
	<datafield ind1="2" ind2=" " tag="710">
		<subfield code="a">Jafet Memorial Library.</subfield>
	</datafield>
	<datafield ind1="0" ind2=" " tag="730">
		<subfield code="a">Arabic Collections Online.</subfield>
	</datafield>
	<datafield ind1="0" ind2="8" tag="776">
		<subfield code="i">Print version:</subfield>
		<subfield code="a">Ibn al-Murtaḍá, Aḥmad ibn Yaḥyá, 1363-1437. author. https://lccn.loc.gov/n84077364 ,</subfield>
		<subfield code="t">Kitāb al-Baḥr al-zakhkhār al-jāmiʻ li-madhāhib ʻulamāʼ al-amṣār</subfield>
		<subfield code="w">(LeBAU)b1242903x</subfield>
	</datafield>
	<datafield ind1="4" ind2="0" tag="856">
		<subfield code="u">http://hdl.handle.net/2333.1/nzs7hdzr</subfield>
	</datafield>
	<datafield ind1="1" ind2=" " tag="880">
		<subfield code="6">100-01</subfield>
		<subfield code="a">ابن المرتضى، احمد بن يحيى،</subfield>
		<subfield code="d">1373-1437،</subfield>
		<subfield code="0">https://lccn.loc.gov/n84077364 ,</subfield>
		<subfield code="e">مؤلف.</subfield>
		<subfield code="4">aut.</subfield>
	</datafield>
	<datafield ind1="1" ind2="0" tag="880">
		<subfield code="6">245-02</subfield>
		<subfield code="a">كتاب البحر الزخار الجامع لمذاهب علماء الأمصار /</subfield>
		<subfield code="c">تأليف الإمام المجتهد المهدى لدين الله أحمد بن يحيى المرتضى، المتوفى سنة 0840 هـ. ويليه كتاب جواهر الأخبار والآثار المستخرجة من لجة البحر الزخار / للعلامة المحقق محمد بن يحيى بهران الصعدي، المتوفى 0957 هـ . ولتمام الفائدة ألحقنا به تعليقات من مراجع مختلفة / لمصححه القاضي عبد الله بن عبد الكريم الجرافي اليمني الصنعائي ؛ بإشراف ومراجعة فضيلة الأستاذين عبد الله محمد الصديق، خادم الحديث وعبد الحفيظ سعد عطيه</subfield>
	</datafield>
	<datafield ind1="3" ind2="0" tag="880">
		<subfield code="6">246-03</subfield>
		<subfield code="a">البحر الزخار الجامع لمذاهب علماء الأمصار</subfield>
	</datafield>
	<datafield ind1=" " ind2=" " tag="880">
		<subfield code="6">250-04</subfield>
		<subfield code="a">الطبعة الاولى.</subfield>
	</datafield>
	<datafield ind1=" " ind2="1" tag="880">
		<subfield code="6">264-05</subfield>
		<subfield code="a">مصر :</subfield>
		<subfield code="b">مطبعة السعادة،</subfield>
		<subfield code="c">1366-1368 هـ. = 1947-1949 م.</subfield>
	</datafield>
	<datafield ind1=" " ind2=" " tag="880">
		<subfield code="6">300-06</subfield>
		<subfield code="a">4 أجزاء ؛</subfield>
		<subfield code="c">28 سم</subfield>
	</datafield>
	<datafield ind1=" " ind2="4" tag="880">
		<subfield code="6">650-07</subfield>
		<subfield code="a">الفقه الإسلامي</subfield>
		<subfield code="v">اعمال قديمة حتى 1800.</subfield>
	</datafield>
	<datafield ind1=" " ind2="4" tag="880">
		<subfield code="6">650-08</subfield>
		<subfield code="a">الزيدية</subfield>
		<subfield code="v">أعمال قديمة حتى 1800.</subfield>
	</datafield>
	<datafield ind1="1" ind2="2" tag="880">
		<subfield code="6">700-09</subfield>
		<subfield code="a">ابن بهران، محمد بن يحيى،</subfield>
		<subfield code="d">1483 او 1484-1550.</subfield>
		<subfield code="0">https://lccn.loc.gov/nr92023816 .</subfield>
		<subfield code="t">جواهر الأخبار والآثار المستخرجة من لجة البحر الزخار.</subfield>
		<subfield code="0">https://lccn.loc.gov/n93009984</subfield>
	</datafield>
	<datafield ind1="1" ind2=" " tag="880">
		<subfield code="6">700-10</subfield>
		<subfield code="a">الجرافي، عبد الله عبد الكريم،</subfield>
		<subfield code="0">https://lccn.loc.gov/n85055213 ,</subfield>
		<subfield code="e">معد.</subfield>
		<subfield code="4">com.</subfield>
	</datafield>
	<datafield ind1="1" ind2=" " tag="880">
		<subfield code="6">700-11</subfield>
		<subfield code="a">الصديق، عبد الله بن محمد،</subfield>
		<subfield code="0">https://lccn.loc.gov/n80122941 ,</subfield>
		<subfield code="e">مراجع.</subfield>
		<subfield code="4">rev.</subfield>
	</datafield>
	<datafield ind1="1" ind2=" " tag="880">
		<subfield code="6">700-12</subfield>
		<subfield code="a">الصديق، عبد الله بن محمد،</subfield>
		<subfield code="0">https://lccn.loc.gov/n80122941 ,</subfield>
		<subfield code="e">محرر.</subfield>
		<subfield code="4">edt.</subfield>
	</datafield>
	<datafield ind1="1" ind2=" " tag="880">
		<subfield code="6">700-13</subfield>
		<subfield code="a">عطية، عبد الحفيظ سعد،</subfield>
		<subfield code="e">مراجع.</subfield>
		<subfield code="4">rev.</subfield>
	</datafield>
	<datafield ind1="1" ind2=" " tag="880">
		<subfield code="6">700-14</subfield>
		<subfield code="a">عطية، عبد الحفيظ سعد،</subfield>
		<subfield code="e">محرر.</subfield>
		<subfield code="4">edt.</subfield>
	</datafield>
	<datafield ind1=" " ind2=" " tag="959">
		<subfield code="a">NNU</subfield>
		<subfield code="b">WEB</subfield>
		<subfield code="c">GENI</subfield>
		<subfield code="t">0</subfield>
		<subfield code="m">Electronic access</subfield>
		<subfield code="s">01</subfield>
	</datafield>
	<datafield ind1=" " ind2=" " tag="999">
		<subfield code="i">LeBAU_b1242903x</subfield>
		<subfield code="s">aub_aco003824:v.1</subfield>
		<subfield code="s">aub_aco003825:v.2</subfield>
		<subfield code="s">aub_aco003826:v.3</subfield>
		<subfield code="s">aub_aco003827:v.4</subfield>
		<subfield code="e">(ERROR-MISC)</subfield>
		<subfield code="s">aub_aco003824:v.1</subfield>
		<subfield code="s">aub_aco003825:v.2</subfield>
		<subfield code="s">aub_aco003826:v.3</subfield>
		<subfield code="s">aub_aco003827:v.4</subfield>
	</datafield>
</record>
